% This file was created with JabRef 2.5.
% Encoding: Cp1252

@comment{jabref-meta: selector_publisher:}

@comment{jabref-meta: selector_author:}

@comment{jabref-meta: selector_journal:}

@comment{jabref-meta: selector_keywords:}

@article{Weltformel:1,
AUTHOR="Raul Rojas",
TITLE="Die Weltformel: Wie man ein Auto einparkt",
SCHOOL="Freie Universität Berlin",
YEAR="2010",
}

@article{Navguide,
AUTHOR="Kaiyu Zheng",
TITLE="ROS Navigation Tuning Guide",
YEAR="2016",
}

